<?xml version="1.0" encoding="UTF-8"?><collection xmlns="http://www.loc.gov/MARC21/slim"><record><leader>00564nam--2200181-i-4500</leader><controlfield tag="001">000046665</controlfield><controlfield tag="002">20161230</controlfield><controlfield tag="005">20161230201046</controlfield><controlfield tag="008">060222s1000------------r-----000-0-fre-d</controlfield><datafield ind1=" " ind2=" " tag="040"><subfield code="a">IFIN-HH</subfield></datafield><datafield ind1=" " ind2=" " tag="041"><subfield code="a">fre</subfield></datafield><datafield ind1=" " ind2=" " tag="080"><subfield code="a">535.24(043):524.52</subfield></datafield><datafield ind1="1" ind2=" " tag="100"><subfield code="a">Vidal, Jean-louis</subfield></datafield><datafield ind1="1" ind2="0" tag="245"><subfield code="a">Applications de la photometrie a la determination des conditions physiques dans les nebuleuses gazeuses diffuses</subfield><subfield code="b">These</subfield><subfield code="c">Jean-louis vidal</subfield></datafield><datafield ind1=" " ind2=" " tag="260"><subfield code="a">Paris</subfield><subfield code="b">Universite Pierre Et Marie Curie</subfield><subfield code="c">1978</subfield></datafield><datafield ind1=" " ind2=" " tag="300"><subfield code="a">317P</subfield></datafield><datafield ind1=" " ind2=" " tag="852"><subfield code="a">49806</subfield><subfield code="c">535</subfield></datafield><datafield ind1=" " ind2=" " tag="CAT"><subfield code="a">Sys</subfield><subfield code="c">20110125</subfield><subfield code="h">145445</subfield></datafield></record></collection>